2684 4759
269 239 274 246 ,
437 185 476 288 a
563 168 932 290 ..ιιιιιιιιιιοΤ
1035 121 1038 130 ’
1112 243 1116 250 ,
1223 123 1244 166 ·’

6 419 10 430 ,
189 361 195 366 “
210 362 275 438 tur,
292 351 350 420 vel·
359 345 565 435 suppeditatae
579 367 599 412 a
612 349 715 434 priore
729 333 874 434 scriptore
888 347 1002 412 domm
1015 317 1221 411 deriuationea
1233 362 1327 409 emen·

114 443 117 456 Δ
208 471 371 540 dabantur.
414 467 451 532 Id
464 477 568 531 tamen
582 465 669 529 velut
683 465 767 529 aliud
783 483 880 549 agens
893 483 1037 549 egeram,
1066 461 1216 556 profellus
1228 464 1259 525 in
1269 462 1325 546 ipla

142 595 146 602 ’
211 580 422 676 praefatione,
450 601 522 665 „me
546 601 583 644 ea
597 587 719 646 tantum
737 580 879 646 addidilie
899 583 1064 660 vocabula,
1093 603 1171 670 quae
1184 581 1240 646 sese
1252 576 1328 665 quali

187 707 321 788 '',‚vltro.
329 701 515 775 obtulerint,
544 718 640 784 quum
653 699 715 763 hoc
733 709 846 762 conatu
859 698 966 782 potius
985 700 1064 764 alios
1085 701 1125 764 ad
1139 697 1328 784 supplendum

110 807 120 818 ’
210 834 265 911 „et
291 818 468 905 augendum
487 824 652 901 atrumque
679 814 864 882 Gloll‘arium
887 815 1021 879 excitare
1044 819 1210 892 voluerim,
1241 832 1329 898 quam

208 939 296 1026 „ipsa
313 939 393 1001 hauc
414 941 531 1018 partem
547 931 726 1018 suscipere„
763 1015 767 1030 ι
787 932 836 996 Ex
856 952 919 1018 quo
934 934 1097 1018 quidffmilri
1110 933 1227 999 consilii
1241 930 1331 995 fuerit

207 1057 278 1122 satis
301 1057 438 1136 apparet
500 1047 644 1133 Scilicet,
673 1048 745 1113 finia
762 1050 877 1115 laboris
898 1063 981 1125 erat,
1010 1050 1147 1132 epitome
1167 1050 1192 1114 F
1194 1048 1281 1113 resnii
1302 1054 1333 1108 et

178 1180 183 1196 '
207 1167 400 1257 carpentarii
408 1214 420 1246 a
440 1164 650 1248 supplementa
662 1176 767 1232 autem
780 1167 901 1230 tantuin
915 1184 1012 1250 pauca
1027 1186 1125 1251 eaque
1139 1169 1271 1232 manime
1285 1166 1335 1228 ob·

152 1263 154 1276 Ι
206 1291 259 1354 uia
275 1288 457 1352 adieceram.
518 1282 612 1359 Quod
626 1303 698 1347 cum
712 1285 755 1347 ita
776 1282 805 1347 l'e
819 1283 965 1365 haberet,
984 1281 1224 1367 insequentibus
1241 1283 1336 1346 tomis

205 1391 260 1470 isti
277 1401 492 1486 supplementa
509 1397 573 1462 stne
596 1401 783 1471 detrimento
805 1400 877 1464 libri
899 1399 1102 1484 praetermitti
1115 1399 1200 1488 posse
1219 1391 1334 1485 putaui.

203 1519 357 1588 Videbam
371 1519 454 1600 enim
469 1515 536 1600 poli
551 1515 733 1600 scriptorum
747 1514 875 1579 istorum
888 1515 1079 1580 Gallicorum
1092 1516 1220 1581 messem
1237 1518 1340 1597 copio-

71 1708 76 1715 ,
172 1635 302 1712 ,filnmr
322 1631 476 1718 ‘superesse
500 1631 651 1718 spicilegii
674 1632 852 1717 materiam,
884 1632 1006 1697 auitam
1036 1651 1076 1694 eo
1102 1632 1168 1716 ipso
1187 1634 1339 1717 temporis

201 1753 318 1837 spatio,
341 1772 403 1836 quo
417 1748 559 1815 Glossarii
573 1748 667 1813 huius
682 1748 840 1813 volumina
860 1750 1110 1825 excudebantur3
1136 1753 1225 1836 quod
1246 1771 1340 1815 nemo

198 1867 321 1934 inficias
335 1867 409 1948 ibit,
437 1868 490 1952 qui
503 1876 625 1951 praeter
638 1859 798 1949 ingentem
822 1865 1002 1949 scriptorum
1022 1877 1115 1953 atque
1130 1868 1340 1977 diplomatum

198 1983 320 2071 copiam'
347 1995 420 2048 ante
444 1984 627 2060 memoriam
646 1981 810 2046 nostram
800 2002 834 2046 ιιι
854 1982 1048 2047 Germania
1039 2003 1072 2048 ιιι
1091 1983 1197 2048 lucem
1221 1997 1340 2069 protra

169 2102 298 2178 iiam,
322 2119 456 2185 quorum
468 2097 614 2184 pleraque
630 2119 669 2162 ne
685 2100 718 2163 in
732 2101 876 2165 notitiam
895 2103 1022 2186 quidem
1034 2101 1198 2167 Gallorum
1211 2123 1340 2183 venere¹

194 2220 245 2283 vel
259 2240 296 2281 ea
319 2218 357 2281 ad
370 2217 509 2282 animum
526 2226 663 2290 reuocet,
689 2234 767 2300 quac
788 2218 957 2286 nouillrmis
977 2200 1057 2285 hisce
1073 2218 1162 2282 annis
1178 2218 1340 2285 cla'riffimi

197 2336 258 2400 viri
270 2309 542 2411 Wilrdtweinius',
568 2327 797 2415 Schoepsslnlus
814 2335 846 2398 in
863 2353 959 2419 opere
973 2335 1120 2420 postumo,
1131 2335 1340 2420 Gerlrenius²

180 2451 329 2534 'denique
353 2448 427 2512 socii
456 2447 694 2512 Academiarum
722 2449 959 2520 lllanhemiensrs
984 2464 1075 2540 atque
1104 2450 1340 2519 Monaclriensrr

190 2568 312 2656 publici
336 2568 415 2629 iuris
440 2561 592 2632 fecerunt.
654 2562 721 2630 lam
743 2567 820 2632 haec
840 2568 957 2655 lingula
973 2570 1137 2654 quominus
1150 2578 1340 2667 excutepem

195 2694 230 2749 et
245 2687 278 2747 iu
292 2702 383 2747 meos
403 2680 471 2744 vsus
486 2688 703 2745 connecterem
719 2687 870 2768 temporis
889 2686 957 2749 aliis
977 2688 1079 2770 iisque
1098 2684 1288 2752 necessariis
1302 2688 1339 2753 la

196 2801 343 2882 boribus,
378 2797 512 2862 maxime
535 2807 638 2862 autem
659 2796 810 2867 Glossario
833 2802 1019 2868 Germanico
1038 2801 1237 2867 elaborando
1256 2804 1340 2870 desti

197 2919 263 2982 nati
279 2914 417 2999 angustia
433 2913 626 2980 excludebat.
682 2914 790 3003 Itaque
813 2928 847 2982 et
859 2920 935 2984 mihi
949 2929 983 2983 et
1002 2938 1078 2982 vero
1093 2919 1194 2984 etiam
1207 2922 1291 3012 ipsis
1308 2924 1340 2987 le

199 3030 322 3097 diorum
346 3033 523 3096 commodis
537 3032 649 3096 melius
674 3053 726 3097 me
749 3035 957 3101 contriturum
985 3037 1144 3121 putabam,
1177 3021 1340 3133 fisupple

134 3139 143 3164 '
198 3161 378 3214 mentorum
406 3147 656 3234 colligendorum
683 3150 855 3215 laborem
845 3171 879 3215 m
897 3141 980 3217 alud
1001 3163 1126 3253 tempus
1148 3158 1337 3240 reticerem

200 3284 280 3351 quo,
310 3285 475 3350 paucarum
497 3267 689 3331 additionum
711 3275 803 3354 atque
819 3267 1067 3362 obseruationum
1086 3246 1192 3352 loco,
1232 3283 1339 3362 quale

200 3375 303 3464 'primo
326 3393 414 3445 tomo
437 3381 654 3467 adl'perseram‚
687 3402 754 3447 rem
781 3384 879 3450 serius
903 3405 997 3470 agore
1017 3397 1049 3449 et
1073 3404 1300 3479 quaecunque
1326 3401 1338 3464 i

151 3591 156 3600 .
201 3498 413 3574 monumentis
441 3500 625 3582 antiquioris
648 3502 734 3583 aeui,
760 3517 883 3587 praeter
908 3517 1045 3588 eaquae
1067 3506 1241 3574 duumuiri
1268 3514 1340 3579 Gal,

201 3629 380 3697 eorurnque
393 3614 466 3680 socii
485 3614 679 3702 congelare,
704 3639 761 3704 pro
774 3617 902 3686 instituti
916 3623 977 3685 mei
993 3623 1128 3703 ratione,
1156 3643 1340 3697 memorat

202 3729 297 3813 digna
309 3730 508 3816 videbuntur,
525 3753 598 3800 cum
610 3754 685 3802 cura
698 3735 848 3824 colligere
862 3738 1058 3824 separatoque
1072 3739 1252 3858 volumine
1268 3770 1340 3817 con

201 3841 316 3932 plecti,
335 3845 570 3916 mlhilicebit.

1251 4105 1340 4191 Atqr
